@Book{pearl:88,
  author = 	 {Judea Pearl},
  title = 	 {Probabilistic {R}easoning in {I}ntelligent {S}ystems: 
		  {N}etworks of {P}lausible {I}nference},
  publisher = 	 {Morgan Kaufman Publishers},
  year = 	 {1988},
  address = 	 {San Mateo, CA}
}

@Article{brownlee:19,
  author= {Jason Brownlee},
  title = {A Gentle Introduction to Generative Adversarial Networks (GANs)},
  journal = {Machine Learning Mastery},
  year = {2019},
  url = {https://machinelearningmastery.com/what-are-generative-adversarial-networks-gans/}
}

@Article{goodfellow:14,
  author={Ian J. Goodfellow and Jean Pouget-Abadie and Mehdi Mirza and Bing Xu and David Warde-Farley and Sherjil Ozair and Aaron Courville and Yoshua Bengio},
  title={Generative Adversarial Nets},
  journal={Advances in Neural Information Processing Systems},
  year={2014},
  url={https://arxiv.org/abs/1406.2661}
}

@Article{mirza:14,
  author={Mehdi Mirza and Simon Osindero},
  title={Conditional Generative Adversarial Nets},
  journal={arXiv preprint arXiv:1411.1784},
  year={2014},
  url={https://arxiv.org/abs/1411.1784}
}

@Article{radford:16,
  author={Alec Radford and Luke Metz and Soumith Chintala},
  title={Unsupervised Representation Learning with Deep Convolutional Generative Adversarial Networks},
  journal={arXiv preprint arXiv:1511.06434},
  year={2016},
  url={https://arxiv.org/abs/1511.06434}
}

@Article{hyland:17,
  author={Stephanie L. Hyland and Cristobal Esteban and Gunnar Ratsch},
  title={Real-Valued (Medical) Time Series Generation with Recurrent Conditional GANs},
  journal={arXiv preprint arXiv:1706.02633},
  year={2017},
  url={https://arxiv.org/abs/1706.02633}
}

@Article{he:21,
  author={Jiabei He and Yuzheng Nie and Ziwen Mao},
  title={Analysis of Image Generation by different Generator GANs},
  journal={Journal of Physics: Conference Series},
  year={2021},
  url={https://iopscience.iop.org/article/10.1088/1742-6596/1903/1/012061/pdf}
}